@online{spring-rest-intro,
  title = {Introduction to Spring REST},
  author = {Ayshe Shriv},
  year = {2025},
  url = {https://dev.to/ayshriv/introduction-to-spring-rest-3nhl},
  note = {Tutorial online}
}

@online{geeksforgeeks-rest,
  title = {Easiest Way to Create REST API using Spring Boot},
  author = {GeeksforGeeks},
  year = {2023},
  url = {https://www.geeksforgeeks.org/advance-java/easiest-way-to-create-rest-api-using-spring-boot/},
  note = {Tutorial online}
}

@online{spring-guides,
  title = {Getting Started | Building REST services with Spring},
  author = {Spring.io},
  year = {2025},
  url = {https://spring.io/guides/tutorials/rest/}
}

@online{run-a-self-hosted-agent-in-docker,
  title = {Run a self-hosted agent in Docker},
  author = {Microsoft},
  organization = {Microsoft},
  year = {2025},
  month = {01},
  url = {https://learn.microsoft.com/en-us/azure/devops/pipelines/agents/docker?view=azure-devops}
}

@online{docs-SSH0,
  title = {SSH@0 - SSH v0 task},
  author = {Microsoft},
  organization = {Microsoft},
  year = {2025},
  month = {07},
  url = {https://learn.microsoft.com/en-us/azure/devops/pipelines/tasks/reference/ssh-v0?view=azure-pipelines}
}

@online{docs-hibernate,
  title = {Hibernate Documentation},
  organization = {Commonhaus Foundation},
  url = {https://hibernate.org/orm/}
}

@online{docs-annotation-data,
  title = {@Data All together now: A shortcut for @ToString, @EqualsAndHashCode, @Getter on all fields, @Setter on all non-final fields, and @RequiredArgsConstructor!},
  organization = {Project Lombok},
  url = {https://projectlombok.org/features/Data}
}

@online{docs-spring-repository,
  title = {Working with Spring Data Repositories},
  url = {https://docs.spring.io/spring-data/data-commons/docs/1.6.1.RELEASE/reference/html/repositories.html}
}

@online{docs-spring-security,
  title = {Spring Security Reference},
  organization = {Spring.io},
  url = {https://spring.io/projects/spring-security}
}

@online{react-docs,
  title = {React Documentation – Getting Started},
  organization = {Meta Open Source},
  year = {2025},
  url = {https://react.dev/learn}
}

@online{figma-docs,
  title = {Figma Help Center},
  organization = {Figma},
  url = {https://help.figma.com/hc/en-us}
}

@online{docker-docs,
  title = {Docker Documentation},
  organization = {Docker Inc.},
  url = {https://docs.docker.com/}
}

@online{azure-pipelines-docs,
  title = {Azure Pipelines Documentation},
  organization = {Microsoft},
  url = {https://learn.microsoft.com/en-us/azure/devops/pipelines/?view=azure-devops}
}

@book{pressman-engenharia-software,
  title = {Engenharia de Software: Uma Abordagem Profissional},
  author = {Roger S. Pressman},
  publisher = {McGraw-Hill},
  year = {2016},
  edition = {8ª edição}
}

@book{sommerville-engenharia-software,
  title = {Engenharia de Software},
  author = {Ian Sommerville},
  publisher = {Pearson},
  year = {2011},
  edition = {9ª edição}
}

@article{kruchten-4plus1,
  author = {Philippe B. Kruchten},
  title = {The 4+1 View Model of Architecture},
  journal = {IEEE Software},
  volume = {12},
  number = {6},
  pages = {42--50},
  year = {1995},
  doi = {10.1109/52.469759}
}
