@misc{spring-rest-intro,
  title = {Introduction to Spring REST},
  author = {Ayshe Shriv},
  year = {2025},
  note = {Tutorial online},
  url = {https://dev.to/ayshriv/introduction-to-spring-rest-3nhl},
  howpublished = {\url{https://dev.to/ayshriv/introduction-to-spring-rest-3nhl}}
}

@misc{geeksforgeeks-rest,
  title = {Easiest Way to Create REST API using Spring Boot},
  author = {GeeksforGeeks},
  year = {2023},
  note = {Tutorial online},
  url = {https://www.geeksforgeeks.org/advance-java/easiest-way-to-create-rest-api-using-spring-boot/},
  howpublished = {\url{https://www.geeksforgeeks.org/advance-java/easiest-way-to-create-rest-api-using-spring-boot/}}
}

@misc{spring-guides,
  title = {Getting Started | Building REST services with Spring},
  author = {Spring.io},
  year = {2025},
  note = {Documentação oficial},
  url = {https://spring.io/guides/tutorials/rest/},
  howpublished = {\url{https://spring.io/guides/tutorials/rest/}}
}
